@article{monparsing,
    author = {Hutton, Graham and Meijer, Erik},
    title = {Monadic Parser Combinators},
    year = {1996},
    doi = {10.1.1.2.4159},
}

@article{parsley2020,
    author = {Willis, Jamie and Wu, Nicolas and Pickering, Matthew},
    title = {Staged Selective Parser Combinators},
    year = {2020},
    issue_date = {August 2020},
    publisher = {Association for Computing Machinery},
    address = {New York, NY, USA},
    volume = {4},
    number = {ICFP},
    url = {https://doi.org/10.1145/3409002},
    doi = {10.1145/3409002},
    journal = {Proc. ACM Program. Lang.},
    month = aug,
    articleno = {120},
    numpages = {30},
    keywords = {parsers, combinators, meta-programming}
}
